@article{barrEarlyChildhoodDigital2024,
  title = {Early {{Childhood}} and {{Digital Media}}},
  author = {Barr, Rachel and Kirkorian, Heather and Coyne, Sarah and Radesky, Jenny},
  year = {2024},
  month = apr,
  journal = {Elements in Child Development},
  publisher = {Cambridge University Press},
  doi = {10.1017/9781108885751},
  urldate = {2025-06-08},
  isbn = {9781108885751 9781009479301 9781108794565},
  langid = {english}
}

@manual{braginskyWordbankrAccessingWordbank2022,
  type = {Manual},
  title = {Wordbankr: {{Accessing}} the Wordbank Database},
  author = {Braginsky, Mika},
  year = {2022}
}

@book{frankVariabilityConsistencyEarly2021,
  title = {Variability and {{Consistency}} in {{Early Language Learning}}: {{The Wordbank Project}}},
  shorttitle = {Variability and {{Consistency}} in {{Early Language Learning}}},
  author = {Frank, Michael C. and Braginsky, Mika and Yurovsky, Daniel and Marchman, Virginia A.},
  year = {2021},
  month = mar,
  publisher = {MIT Press},
  address = {Cambridge, MA, USA},
  isbn = {978-0-262-04510-0},
  langid = {english}
}

@article{frankWordbankOpenRepository2017,
  title = {Wordbank: An Open Repository for Developmental Vocabulary Data},
  shorttitle = {Wordbank},
  author = {Frank, Michael C. and Braginsky, Mika and Yurovsky, Daniel and Marchman, Virginia A.},
  year = {2017},
  month = may,
  journal = {Journal of Child Language},
  volume = {44},
  number = {3},
  pages = {677--694},
  publisher = {Cambridge University Press},
  issn = {0305-0009, 1469-7602},
  doi = {10.1017/S0305000916000209},
  urldate = {2022-05-14},
  langid = {english}
}

@article{hornRationaleTestNumber1965,
  title = {A {{Rationale}} and {{Test}} for the {{Number}} of {{Factors}} in {{Factor Analysis}}},
  author = {Horn, John L.},
  year = {1965},
  month = jun,
  journal = {Psychometrika},
  volume = {30},
  number = {2},
  pages = {179--185},
  issn = {0033-3123, 1860-0980},
  doi = {10.1007/BF02289447},
  urldate = {2025-06-08},
  langid = {english}
}

@article{imaiGeneralApproachCausal2010,
  title = {A General Approach to Causal Mediation Analysis},
  author = {Imai, Kosuke and Keele, Luke and Tingley, Dustin},
  year = {2010},
  month = dec,
  journal = {Psychological Methods},
  volume = {15},
  number = {4},
  pages = {309--334},
  issn = {1939-1463},
  doi = {10.1037/a0020761},
  langid = {english},
  pmid = {20954780}
}

@article{lewandowskiGeneratingRandomCorrelation2009,
  title = {Generating Random Correlation Matrices Based on Vines and Extended Onion Method},
  author = {Lewandowski, Daniel and Kurowicka, Dorota and Joe, Harry},
  year = {2009},
  month = oct,
  journal = {Journal of Multivariate Analysis},
  volume = {100},
  number = {9},
  pages = {1989--2001},
  issn = {0047-259X},
  doi = {10.1016/j.jmva.2009.04.008},
  urldate = {2025-06-08}
}

@article{merkleBlavaanBayesianStructural2018,
  title = {Blavaan: {{Bayesian Structural Equation Models}} via {{Parameter Expansion}}},
  shorttitle = {Blavaan},
  author = {Merkle, Edgar C. and Rosseel, Yves},
  year = {2018},
  month = jun,
  journal = {Journal of Statistical Software},
  volume = {85},
  pages = {1--30},
  issn = {1548-7660},
  doi = {10.18637/jss.v085.i04},
  urldate = {2025-06-08},
  copyright = {Copyright (c) 2018 Edgar C. Merkle, Yves Rosseel},
  langid = {english}
}

@misc{revellePsychProceduresPsychological2025,
  title = {Psych: {{Procedures}} for {{Psychological}}, {{Psychometric}}, and {{Personality Research}}},
  shorttitle = {Psych},
  author = {Revelle, William},
  year = {2025},
  month = mar,
  urldate = {2025-06-08},
  copyright = {GPL-2 {\textbar} GPL-3 [expanded from: GPL ({$\geq$} 2)]}
}

@book{stasinopoulosFlexibleRegressionSmoothing2017,
  title = {Flexible {{Regression}} and {{Smoothing}}: {{Using GAMLSS}} in {{R}}},
  shorttitle = {Flexible {{Regression}} and {{Smoothing}}},
  author = {Stasinopoulos, Mikis D. and Rigby, Robert A. and Heller, Gillian Z. and Voudouris, Vlasios and Bastiani, Fernanda De},
  year = {2017},
  month = apr,
  publisher = {{Chapman and Hall/CRC}},
  address = {New York},
  doi = {10.1201/b21973},
  isbn = {978-1-315-26987-0}
}

@misc{stasinopoulosGamlssGeneralizedAdditive2024,
  title = {Gamlss: {{Generalized Additive Models}} for {{Location Scale}} and {{Shape}}},
  shorttitle = {Gamlss},
  author = {Stasinopoulos, Mikis D. and Rigby, Robert and Voudouris, Vlasios and Akantziliotou, Calliope and Enea, Marco and Kiose, Daniil and Zeileis, Achim},
  year = {2024},
  month = mar,
  urldate = {2025-06-08},
  copyright = {GPL-2 {\textbar} GPL-3}
}

@article{valeriMediationAnalysisAllowing2013,
  title = {Mediation Analysis Allowing for Exposure--Mediator Interactions and Causal Interpretation: {{Theoretical}} Assumptions and Implementation with {{SAS}} and {{SPSS}} Macros.},
  shorttitle = {Mediation Analysis Allowing for Exposure--Mediator Interactions and Causal Interpretation},
  author = {Valeri, Linda and VanderWeele, Tyler J.},
  year = {2013},
  month = jun,
  journal = {Psychological Methods},
  volume = {18},
  number = {2},
  pages = {137--150},
  issn = {1939-1463, 1082-989X},
  doi = {10.1037/a0031034},
  urldate = {2025-06-08},
  copyright = {http://www.apa.org/pubs/journals/resources/open-access.aspx},
  langid = {english}
}
